<record xmlns='http://www.loc.gov/MARC21/slim'
><leader
  >01250ntm a2200325Ii 4500</leader
  ><controlfield tag='001'
  >991058321205406011</controlfield
  ><controlfield tag='005'
  >20220606101825.0</controlfield
  ><controlfield tag='008'
  >220606s1627    fr            000 0 eng d</controlfield
  ><datafield ind1=' ' ind2=' ' tag='035'
  ><subfield code='a'
    >(OCoLC)1325198909h</subfield
    ></datafield
  ><datafield ind1=' ' ind2=' ' tag='035'
  ><subfield code='a'
    >(OCoLC)on1325198909h</subfield
    ></datafield
  ><datafield ind1=' ' ind2=' ' tag='040'
  ><subfield code='a'
    >HRH</subfield
    ><subfield code='b'
    >eng</subfield
    ><subfield code='e'
    >dcrmmss</subfield
    ><subfield code='c'
    >HRH</subfield
    ></datafield
  ><datafield ind1=' ' ind2=' ' tag='041'
  ><subfield code='a'
    >fre</subfield
    ></datafield
  ><datafield ind1=' ' ind2=' ' tag='049'
  ><subfield code='a'
    >HRHH</subfield
    ></datafield
  ><datafield ind1=' ' ind2='9' tag='099'
  ><subfield code='a'
    >MS 3327, Container 118</subfield
    ></datafield
  ><datafield ind1='1' ind2=' ' tag='100'
  ><subfield code='a'
    >Étampes-Valençay, Léonor d&apos;,</subfield
    ><subfield code='d'
    >approximately 1585-1651,</subfield
    ><subfield code='e'
    >author.</subfield
    ></datafield
  ><datafield ind1='1' ind2='0' tag='245'
  ><subfield code='a'
    >Harangue de Monsieur l&apos;Evêque de Chartres prononcée devant le Roy :</subfield
    ><subfield code='k'
    >manuscript.</subfield
    ></datafield
  ><datafield ind1=' ' ind2='0' tag='264'
  ><subfield code='a'
    >France ;</subfield
    ><subfield code='c'
    >1627 February 3</subfield
    ></datafield
  ><datafield ind1=' ' ind2=' ' tag='300'
  ><subfield code='a'
    >6 leaves :</subfield
    ><subfield code='b'
    >paper,</subfield
    ><subfield code='c'
    >32 x 22 cm</subfield
    ></datafield
  ><datafield ind1=' ' ind2=' ' tag='336'
  ><subfield code='a'
    >text</subfield
    ><subfield code='b'
    >txt</subfield
    ><subfield code='2'
    >rdacontent</subfield
    ></datafield
  ><datafield ind1=' ' ind2=' ' tag='337'
  ><subfield code='a'
    >unmediated</subfield
    ><subfield code='b'
    >n</subfield
    ><subfield code='2'
    >rdamedia</subfield
    ></datafield
  ><datafield ind1=' ' ind2=' ' tag='338'
  ><subfield code='a'
    >volume</subfield
    ><subfield code='b'
    >nc</subfield
    ><subfield code='2'
    >rdacarrier</subfield
    ></datafield
  ><datafield ind1=' ' ind2=' ' tag='500'
  ><subfield code='a'
    >Title from caption?</subfield
    ></datafield
  ><datafield ind1=' ' ind2=' ' tag='520'
  ><subfield code='a'
    >Advice to Louis XIII, King of France (1601-1643) to expand the French navy.</subfield
    ></datafield
  ><datafield ind1=' ' ind2=' ' tag='590'
  ><subfield code='a'
    >MS 3327, Container 118: Acquired by the Ransom Center in 1973 (R5374) from Jenkins and Company. DIDB record: 21965</subfield
    ></datafield
  ><datafield ind1='1' ind2='0' tag='610'
  ><subfield code='a'
    >France.</subfield
    ><subfield code='b'
    >Marine</subfield
    ></datafield
  ><datafield ind1='0' ind2=' ' tag='700'
  ><subfield code='a'
    >Louis</subfield
    ><subfield code='b'
    >XIII,</subfield
    ><subfield code='c'
    >King of France,</subfield
    ><subfield code='d'
    >1601-1643.</subfield
    ></datafield
  ><datafield ind1='2' ind2=' ' tag='791'
  ><subfield code='a'
    >Medieval and Early Modern Manuscripts Collection.</subfield
    ></datafield
  ><datafield ind1='2' ind2=' ' tag='791'
  ><subfield code='a'
    >Jenkins and Company,</subfield
    ><subfield code='e'
    >seller.</subfield
    ></datafield
  ><datafield ind1=' ' ind2=' ' tag='752'
  ><subfield code='a'
    >France,</subfield
    ><subfield code='e'
    >producation place.</subfield
    ></datafield
  ><datafield ind1=' ' ind2=' ' tag='994'
  ><subfield code='a'
    >C0</subfield
    ><subfield code='b'
    >HRH</subfield
    ></datafield
  ></record
>